<record><leader>00000cas a22000007a 4500</leader><controlfield tag="001">18669309</controlfield><controlfield tag="008">881026d1862186uaruir ne      0    0eng d</controlfield><datafield ind1=" " ind2=" " tag="010"><subfield code="a">sn 88051129 </subfield></datafield><datafield ind1=" " ind2=" " tag="040"><subfield code="a">ANU</subfield><subfield code="b">eng</subfield><subfield code="c">ANU</subfield><subfield code="d">MGN</subfield><subfield code="d">OCLCQ</subfield></datafield><datafield ind1=" " ind2=" " tag="042"><subfield code="a">msc</subfield></datafield><datafield ind1="0" ind2="0" tag="245"><subfield code="a">Fort Smith bulletin.</subfield></datafield><datafield ind1="1" ind2="3" tag="246"><subfield code="a">Fort Smith tri-weekly bulletin</subfield></datafield><datafield ind1=" " ind2=" " tag="260"><subfield code="a">Fort Smith [Ark.] :</subfield><subfield code="b">F.M. &amp; C.C. Colburn</subfield></datafield><datafield ind1=" " ind2=" " tag="300"><subfield code="a">v.</subfield></datafield><datafield ind1=" " ind2=" " tag="310"><subfield code="a">Triweekly</subfield></datafield><datafield ind1="0" ind2=" " tag="362"><subfield code="a">Vol. 2, no. 109 (Oct. 30, 1862)-</subfield></datafield><datafield ind1=" " ind2=" " tag="752"><subfield code="a">United States</subfield><subfield code="b">Arkansas</subfield><subfield code="c">Sebastian</subfield><subfield code="d">Fort Smith.</subfield></datafield><datafield ind1="0" ind2="0" tag="780"><subfield code="t">Fort Smith tri-weekly bulletin</subfield><subfield code="w">(DLC)sn 86090889</subfield></datafield></record>